%YAML 1.1
%TAG !u! tag:unity3d.com,2011:
--- !u!29 &1
OcclusionCullingSettings:
  m_ObjectHideFlags: 0
  serializedVersion: 2
  m_OcclusionBakeSettings:
    smallestOccluder: 5
    smallestHole: 0.25
    backfaceThreshold: 100
  m_SceneGUID: 00000000000000000000000000000000
  m_OcclusionCullingData: {fileID: 0}
--- !u!104 &2
RenderSettings:
  m_ObjectHideFlags: 0
  serializedVersion: 7
  m_Fog: 0
  m_FogColor: {r: 0.5, g: 0.5, b: 0.5, a: 1}
  m_FogMode: 3
  m_FogDensity: 0.01
  m_LinearFogStart: 0
  m_LinearFogEnd: 300
  m_AmbientSkyColor: {r: 0.212, g: 0.227, b: 0.259, a: 1}
  m_AmbientEquatorColor: {r: 0.114, g: 0.125, b: 0.133, a: 1}
  m_AmbientGroundColor: {r: 0.047, g: 0.043, b: 0.035, a: 1}
  m_AmbientIntensity: 1
  m_AmbientMode: 3
  m_SkyboxMaterial: {fileID: 0}
  m_HaloStrength: 0.5
  m_FlareStrength: 1
  m_FlareFadeSpeed: 3
  m_HaloTexture: {fileID: 0}
  m_SpotCookie: {fileID: 10001, guid: 0000000000000000e000000000000000, type: 0}
  m_DefaultReflectionMode: 0
  m_DefaultReflectionResolution: 128
  m_ReflectionBounces: 1
  m_ReflectionIntensity: 1
  m_CustomReflection: {fileID: 0}
  m_Sun: {fileID: 0}
  m_IndirectSpecularColor: {r: 0, g: 0, b: 0, a: 1}
--- !u!157 &3
LightmapSettings:
  m_ObjectHideFlags: 0
  serializedVersion: 7
  m_GIWorkflowMode: 1
  m_GISettings:
    serializedVersion: 2
    m_BounceScale: 1
    m_IndirectOutputScale: 1
    m_AlbedoBoost: 1
    m_TemporalCoherenceThreshold: 1
    m_EnvironmentLightingMode: 0
    m_EnableBakedLightmaps: 0
    m_EnableRealtimeLightmaps: 0
  m_LightmapEditorSettings:
    serializedVersion: 4
    m_Resolution: 2
    m_BakeResolution: 40
    m_TextureWidth: 1024
    m_TextureHeight: 1024
    m_AO: 0
    m_AOMaxDistance: 1
    m_CompAOExponent: 1
    m_CompAOExponentDirect: 0
    m_Padding: 2
    m_LightmapParameters: {fileID: 0}
    m_LightmapsBakeMode: 1
    m_TextureCompression: 1
    m_DirectLightInLightProbes: 1
    m_FinalGather: 0
    m_FinalGatherFiltering: 1
    m_FinalGatherRayCount: 256
    m_ReflectionCompression: 2
  m_LightingDataAsset: {fileID: 0}
  m_RuntimeCPUUsage: 25
--- !u!196 &4
NavMeshSettings:
  serializedVersion: 2
  m_ObjectHideFlags: 0
  m_BuildSettings:
    serializedVersion: 2
    agentTypeID: 0
    agentRadius: 0.5
    agentHeight: 2
    agentSlope: 45
    agentClimb: 0.4
    ledgeDropHeight: 0
    maxJumpAcrossDistance: 0
    minRegionArea: 2
    manualCellSize: 0
    cellSize: 0.16666667
    accuratePlacement: 0
  m_NavMeshData: {fileID: 0}
--- !u!114 &19985822 stripped
MonoBehaviour:
  m_PrefabParentObject: {fileID: 114985065213761572, guid: 3e16d5d45fc0e254a90ae2f97a979c0c,
    type: 2}
  m_PrefabInternal: {fileID: 1387826739}
  m_Script: {fileID: 11500000, guid: 4b29f433fe2d35a4eb487c2ba03f3189, type: 3}
--- !u!114 &414867826 stripped
MonoBehaviour:
  m_PrefabParentObject: {fileID: 114137956346411032, guid: 3e16d5d45fc0e254a90ae2f97a979c0c,
    type: 2}
  m_PrefabInternal: {fileID: 1387826739}
  m_Script: {fileID: 11500000, guid: 4b29f433fe2d35a4eb487c2ba03f3189, type: 3}
--- !u!1 &509399809
GameObject:
  m_ObjectHideFlags: 0
  m_PrefabParentObject: {fileID: 0}
  m_PrefabInternal: {fileID: 0}
  serializedVersion: 5
  m_Component:
  - component: {fileID: 509399811}
  - component: {fileID: 509399810}
  m_Layer: 0
  m_Name: GameManager
  m_TagString: Untagged
  m_Icon: {fileID: 0}
  m_NavMeshLayer: 0
  m_StaticEditorFlags: 0
  m_IsActive: 1
--- !u!114 &509399810
MonoBehaviour:
  m_ObjectHideFlags: 0
  m_PrefabParentObject: {fileID: 0}
  m_PrefabInternal: {fileID: 0}
  m_GameObject: {fileID: 509399809}
  m_Enabled: 1
  m_EditorHideFlags: 0
  m_Script: {fileID: 11500000, guid: 86534bcd3557479499c91dd5d15e7b4e, type: 3}
  m_Name: 
  m_EditorClassIdentifier: 
  animMoveCutoff: 0.01
  globalCooldown: 1.5
  shoutRange: 0
  chaseTime: 0
  pushDistance: 0
  endDelayChasePlayer: 0
  endDelayPushAll: 0
  endDelaySafeSpace: 0
  DroppedSafeSpaceDuration: 0
  difficultyLevel: 0
  laneMarkerObjects: []
  tweetStream: []
  tweetObjects:
  - {fileID: 1897964324}
  - {fileID: 1732877283}
  - {fileID: 1069792620}
  - {fileID: 19985822}
  - {fileID: 414867826}
  - {fileID: 1853594032}
  - {fileID: 1035989787}
  - {fileID: 1459976489}
  actionsDeck: {fileID: 114911322508193306, guid: 9bbdfed03ced30f4b8b78b11b706c313,
    type: 2}
  protesters: []
  player: {fileID: 0}
  cooldownImages:
  - {fileID: 607970225}
  - {fileID: 821621235}
  - {fileID: 1186802418}
  - {fileID: 1931646087}
  actionImages:
  - {fileID: 709817344}
  - {fileID: 568072224}
  - {fileID: 532522934}
  - {fileID: 1396500898}
  robotSafeSpace: {fileID: 0}
  alienSafeSpace: {fileID: 0}
  raygunSafeSpace: {fileID: 0}
  globalCooldownRemaining: 0
--- !u!4 &509399811
Transform:
  m_ObjectHideFlags: 0
  m_PrefabParentObject: {fileID: 0}
  m_PrefabInternal: {fileID: 0}
  m_GameObject: {fileID: 509399809}
  m_LocalRotation: {x: 0, y: 0, z: 0, w: 1}
  m_LocalPosition: {x: 4.7499924, y: -1.3363332, z: 0}
  m_LocalScale: {x: 1, y: 1, z: 1}
  m_Children: []
  m_Father: {fileID: 0}
  m_RootOrder: 2
  m_LocalEulerAnglesHint: {x: 0, y: 0, z: 0}
--- !u!114 &532522934 stripped
MonoBehaviour:
  m_PrefabParentObject: {fileID: 114428375847222876, guid: 3e16d5d45fc0e254a90ae2f97a979c0c,
    type: 2}
  m_PrefabInternal: {fileID: 1387826739}
  m_Script: {fileID: -765806418, guid: f70555f144d8491a825f0804e09c671c, type: 3}
--- !u!114 &568072224 stripped
MonoBehaviour:
  m_PrefabParentObject: {fileID: 114562550818991138, guid: 3e16d5d45fc0e254a90ae2f97a979c0c,
    type: 2}
  m_PrefabInternal: {fileID: 1387826739}
  m_Script: {fileID: -765806418, guid: f70555f144d8491a825f0804e09c671c, type: 3}
--- !u!114 &607970225 stripped
MonoBehaviour:
  m_PrefabParentObject: {fileID: 114424729498277506, guid: 3e16d5d45fc0e254a90ae2f97a979c0c,
    type: 2}
  m_PrefabInternal: {fileID: 1387826739}
  m_Script: {fileID: -765806418, guid: f70555f144d8491a825f0804e09c671c, type: 3}
--- !u!1 &654038503
GameObject:
  m_ObjectHideFlags: 0
  m_PrefabParentObject: {fileID: 0}
  m_PrefabInternal: {fileID: 0}
  serializedVersion: 5
  m_Component:
  - component: {fileID: 654038508}
  - component: {fileID: 654038507}
  - component: {fileID: 654038506}
  - component: {fileID: 654038505}
  - component: {fileID: 654038504}
  m_Layer: 0
  m_Name: Main Camera
  m_TagString: MainCamera
  m_Icon: {fileID: 0}
  m_NavMeshLayer: 0
  m_StaticEditorFlags: 0
  m_IsActive: 1
--- !u!81 &654038504
AudioListener:
  m_ObjectHideFlags: 0
  m_PrefabParentObject: {fileID: 0}
  m_PrefabInternal: {fileID: 0}
  m_GameObject: {fileID: 654038503}
  m_Enabled: 1
--- !u!124 &654038505
Behaviour:
  m_ObjectHideFlags: 0
  m_PrefabParentObject: {fileID: 0}
  m_PrefabInternal: {fileID: 0}
  m_GameObject: {fileID: 654038503}
  m_Enabled: 1
--- !u!92 &654038506
Behaviour:
  m_ObjectHideFlags: 0
  m_PrefabParentObject: {fileID: 0}
  m_PrefabInternal: {fileID: 0}
  m_GameObject: {fileID: 654038503}
  m_Enabled: 1
--- !u!20 &654038507
Camera:
  m_ObjectHideFlags: 0
  m_PrefabParentObject: {fileID: 0}
  m_PrefabInternal: {fileID: 0}
  m_GameObject: {fileID: 654038503}
  m_Enabled: 1
  serializedVersion: 2
  m_ClearFlags: 1
  m_BackGroundColor: {r: 0.19215687, g: 0.3019608, b: 0.4745098, a: 0}
  m_NormalizedViewPortRect:
    serializedVersion: 2
    x: 0
    y: 0
    width: 1
    height: 1
  near clip plane: 0.3
  far clip plane: 1000
  field of view: 60
  orthographic: 1
  orthographic size: 5
  m_Depth: -1
  m_CullingMask:
    serializedVersion: 2
    m_Bits: 4294967295
  m_RenderingPath: -1
  m_TargetTexture: {fileID: 0}
  m_TargetDisplay: 0
  m_TargetEye: 3
  m_HDR: 0
  m_OcclusionCulling: 1
  m_StereoConvergence: 10
  m_StereoSeparation: 0.022
  m_StereoMirrorMode: 0
--- !u!4 &654038508
Transform:
  m_ObjectHideFlags: 0
  m_PrefabParentObject: {fileID: 0}
  m_PrefabInternal: {fileID: 0}
  m_GameObject: {fileID: 654038503}
  m_LocalRotation: {x: 0, y: 0, z: 0, w: 1}
  m_LocalPosition: {x: 0, y: 0, z: -10}
  m_LocalScale: {x: 1, y: 1, z: 1}
  m_Children: []
  m_Father: {fileID: 0}
  m_RootOrder: 0
  m_LocalEulerAnglesHint: {x: 0, y: 0, z: 0}
--- !u!114 &709817344 stripped
MonoBehaviour:
  m_PrefabParentObject: {fileID: 114527343315974390, guid: 3e16d5d45fc0e254a90ae2f97a979c0c,
    type: 2}
  m_PrefabInternal: {fileID: 1387826739}
  m_Script: {fileID: -765806418, guid: f70555f144d8491a825f0804e09c671c, type: 3}
--- !u!114 &821621235 stripped
MonoBehaviour:
  m_PrefabParentObject: {fileID: 114820426821632800, guid: 3e16d5d45fc0e254a90ae2f97a979c0c,
    type: 2}
  m_PrefabInternal: {fileID: 1387826739}
  m_Script: {fileID: -765806418, guid: f70555f144d8491a825f0804e09c671c, type: 3}
--- !u!114 &1035989787 stripped
MonoBehaviour:
  m_PrefabParentObject: {fileID: 114969510972441148, guid: 3e16d5d45fc0e254a90ae2f97a979c0c,
    type: 2}
  m_PrefabInternal: {fileID: 1387826739}
  m_Script: {fileID: 11500000, guid: 4b29f433fe2d35a4eb487c2ba03f3189, type: 3}
--- !u!114 &1069792620 stripped
MonoBehaviour:
  m_PrefabParentObject: {fileID: 114953905305816236, guid: 3e16d5d45fc0e254a90ae2f97a979c0c,
    type: 2}
  m_PrefabInternal: {fileID: 1387826739}
  m_Script: {fileID: 11500000, guid: 4b29f433fe2d35a4eb487c2ba03f3189, type: 3}
--- !u!114 &1186802418 stripped
MonoBehaviour:
  m_PrefabParentObject: {fileID: 114605454860344544, guid: 3e16d5d45fc0e254a90ae2f97a979c0c,
    type: 2}
  m_PrefabInternal: {fileID: 1387826739}
  m_Script: {fileID: -765806418, guid: f70555f144d8491a825f0804e09c671c, type: 3}
--- !u!1001 &1387826739
Prefab:
  m_ObjectHideFlags: 0
  serializedVersion: 2
  m_Modification:
    m_TransformParent: {fileID: 0}
    m_Modifications:
    - target: {fileID: 224874346697904866, guid: 3e16d5d45fc0e254a90ae2f97a979c0c,
        type: 2}
      propertyPath: m_LocalPosition.x
      value: 0
      objectReference: {fileID: 0}
    - target: {fileID: 224874346697904866, guid: 3e16d5d45fc0e254a90ae2f97a979c0c,
        type: 2}
      propertyPath: m_LocalPosition.y
      value: 0
      objectReference: {fileID: 0}
    - target: {fileID: 224874346697904866, guid: 3e16d5d45fc0e254a90ae2f97a979c0c,
        type: 2}
      propertyPath: m_LocalPosition.z
      value: 0
      objectReference: {fileID: 0}
    - target: {fileID: 224874346697904866, guid: 3e16d5d45fc0e254a90ae2f97a979c0c,
        type: 2}
      propertyPath: m_LocalRotation.x
      value: 0
      objectReference: {fileID: 0}
    - target: {fileID: 224874346697904866, guid: 3e16d5d45fc0e254a90ae2f97a979c0c,
        type: 2}
      propertyPath: m_LocalRotation.y
      value: 0
      objectReference: {fileID: 0}
    - target: {fileID: 224874346697904866, guid: 3e16d5d45fc0e254a90ae2f97a979c0c,
        type: 2}
      propertyPath: m_LocalRotation.z
      value: 0
      objectReference: {fileID: 0}
    - target: {fileID: 224874346697904866, guid: 3e16d5d45fc0e254a90ae2f97a979c0c,
        type: 2}
      propertyPath: m_LocalRotation.w
      value: 1
      objectReference: {fileID: 0}
    - target: {fileID: 224874346697904866, guid: 3e16d5d45fc0e254a90ae2f97a979c0c,
        type: 2}
      propertyPath: m_RootOrder
      value: 4
      objectReference: {fileID: 0}
    - target: {fileID: 224874346697904866, guid: 3e16d5d45fc0e254a90ae2f97a979c0c,
        type: 2}
      propertyPath: m_AnchoredPosition.x
      value: 0
      objectReference: {fileID: 0}
    - target: {fileID: 224874346697904866, guid: 3e16d5d45fc0e254a90ae2f97a979c0c,
        type: 2}
      propertyPath: m_AnchoredPosition.y
      value: 0
      objectReference: {fileID: 0}
    - target: {fileID: 224874346697904866, guid: 3e16d5d45fc0e254a90ae2f97a979c0c,
        type: 2}
      propertyPath: m_SizeDelta.x
      value: 0
      objectReference: {fileID: 0}
    - target: {fileID: 224874346697904866, guid: 3e16d5d45fc0e254a90ae2f97a979c0c,
        type: 2}
      propertyPath: m_SizeDelta.y
      value: 0
      objectReference: {fileID: 0}
    - target: {fileID: 224874346697904866, guid: 3e16d5d45fc0e254a90ae2f97a979c0c,
        type: 2}
      propertyPath: m_AnchorMin.x
      value: 0
      objectReference: {fileID: 0}
    - target: {fileID: 224874346697904866, guid: 3e16d5d45fc0e254a90ae2f97a979c0c,
        type: 2}
      propertyPath: m_AnchorMin.y
      value: 0
      objectReference: {fileID: 0}
    - target: {fileID: 224874346697904866, guid: 3e16d5d45fc0e254a90ae2f97a979c0c,
        type: 2}
      propertyPath: m_AnchorMax.x
      value: 0
      objectReference: {fileID: 0}
    - target: {fileID: 224874346697904866, guid: 3e16d5d45fc0e254a90ae2f97a979c0c,
        type: 2}
      propertyPath: m_AnchorMax.y
      value: 0
      objectReference: {fileID: 0}
    - target: {fileID: 224874346697904866, guid: 3e16d5d45fc0e254a90ae2f97a979c0c,
        type: 2}
      propertyPath: m_Pivot.x
      value: 0
      objectReference: {fileID: 0}
    - target: {fileID: 224874346697904866, guid: 3e16d5d45fc0e254a90ae2f97a979c0c,
        type: 2}
      propertyPath: m_Pivot.y
      value: 0
      objectReference: {fileID: 0}
    m_RemovedComponents: []
  m_ParentPrefab: {fileID: 100100000, guid: 3e16d5d45fc0e254a90ae2f97a979c0c, type: 2}
  m_IsPrefabParent: 0
--- !u!114 &1396500898 stripped
MonoBehaviour:
  m_PrefabParentObject: {fileID: 114537959601945776, guid: 3e16d5d45fc0e254a90ae2f97a979c0c,
    type: 2}
  m_PrefabInternal: {fileID: 1387826739}
  m_Script: {fileID: -765806418, guid: f70555f144d8491a825f0804e09c671c, type: 3}
--- !u!1001 &1424904501
Prefab:
  m_ObjectHideFlags: 0
  serializedVersion: 2
  m_Modification:
    m_TransformParent: {fileID: 0}
    m_Modifications:
    - target: {fileID: 114118962812037368, guid: df82f8093fa05fe439478424a9a242ab,
        type: 2}
      propertyPath: actions.Array.size
      value: 0
      objectReference: {fileID: 0}
    - target: {fileID: 4538984897283684, guid: df82f8093fa05fe439478424a9a242ab, type: 2}
      propertyPath: m_LocalPosition.x
      value: 0
      objectReference: {fileID: 0}
    - target: {fileID: 4538984897283684, guid: df82f8093fa05fe439478424a9a242ab, type: 2}
      propertyPath: m_LocalPosition.y
      value: -1.39
      objectReference: {fileID: 0}
    - target: {fileID: 4538984897283684, guid: df82f8093fa05fe439478424a9a242ab, type: 2}
      propertyPath: m_LocalPosition.z
      value: 0
      objectReference: {fileID: 0}
    - target: {fileID: 4538984897283684, guid: df82f8093fa05fe439478424a9a242ab, type: 2}
      propertyPath: m_LocalRotation.x
      value: -0
      objectReference: {fileID: 0}
    - target: {fileID: 4538984897283684, guid: df82f8093fa05fe439478424a9a242ab, type: 2}
      propertyPath: m_LocalRotation.y
      value: -0
      objectReference: {fileID: 0}
    - target: {fileID: 4538984897283684, guid: df82f8093fa05fe439478424a9a242ab, type: 2}
      propertyPath: m_LocalRotation.z
      value: -0
      objectReference: {fileID: 0}
    - target: {fileID: 4538984897283684, guid: df82f8093fa05fe439478424a9a242ab, type: 2}
      propertyPath: m_LocalRotation.w
      value: 1
      objectReference: {fileID: 0}
    - target: {fileID: 4538984897283684, guid: df82f8093fa05fe439478424a9a242ab, type: 2}
      propertyPath: m_RootOrder
      value: 3
      objectReference: {fileID: 0}
    - target: {fileID: 114118962812037368, guid: df82f8093fa05fe439478424a9a242ab,
        type: 2}
      propertyPath: actions.Array.data[0].actionToPerform
      value: 5
      objectReference: {fileID: 0}
    - target: {fileID: 114118962812037368, guid: df82f8093fa05fe439478424a9a242ab,
        type: 2}
      propertyPath: actions.Array.data[0].icon
      value: 
      objectReference: {fileID: 21300000, guid: 1a7e2e91b021b4040b3c88415f401966,
        type: 3}
    - target: {fileID: 114118962812037368, guid: df82f8093fa05fe439478424a9a242ab,
        type: 2}
      propertyPath: actions.Array.data[1].actionToPerform
      value: 4
      objectReference: {fileID: 0}
    - target: {fileID: 114118962812037368, guid: df82f8093fa05fe439478424a9a242ab,
        type: 2}
      propertyPath: actions.Array.data[1].icon
      value: 
      objectReference: {fileID: 21300000, guid: 73b73c7c9c2bdd34f8bf8ce06ecd560d,
        type: 3}
    - target: {fileID: 114118962812037368, guid: df82f8093fa05fe439478424a9a242ab,
        type: 2}
      propertyPath: actions.Array.data[2].actionToPerform
      value: 6
      objectReference: {fileID: 0}
    - target: {fileID: 114118962812037368, guid: df82f8093fa05fe439478424a9a242ab,
        type: 2}
      propertyPath: actions.Array.data[2].icon
      value: 
      objectReference: {fileID: 21300000, guid: 353d281852e1aae42ab1688010dd155c,
        type: 3}
    - target: {fileID: 114118962812037368, guid: df82f8093fa05fe439478424a9a242ab,
        type: 2}
      propertyPath: actions.Array.data[3].actionToPerform
      value: 7
      objectReference: {fileID: 0}
    - target: {fileID: 114118962812037368, guid: df82f8093fa05fe439478424a9a242ab,
        type: 2}
      propertyPath: actions.Array.data[3].icon
      value: 
      objectReference: {fileID: 21300000, guid: b2495c215635c55429808a44f7fa070c,
        type: 3}
    m_RemovedComponents: []
  m_ParentPrefab: {fileID: 100100000, guid: df82f8093fa05fe439478424a9a242ab, type: 2}
  m_IsPrefabParent: 0
--- !u!114 &1459976489 stripped
MonoBehaviour:
  m_PrefabParentObject: {fileID: 114345812777249690, guid: 3e16d5d45fc0e254a90ae2f97a979c0c,
    type: 2}
  m_PrefabInternal: {fileID: 1387826739}
  m_Script: {fileID: 11500000, guid: 4b29f433fe2d35a4eb487c2ba03f3189, type: 3}
--- !u!114 &1732877283 stripped
MonoBehaviour:
  m_PrefabParentObject: {fileID: 114926921437855614, guid: 3e16d5d45fc0e254a90ae2f97a979c0c,
    type: 2}
  m_PrefabInternal: {fileID: 1387826739}
  m_Script: {fileID: 11500000, guid: 4b29f433fe2d35a4eb487c2ba03f3189, type: 3}
--- !u!1001 &1788270802
Prefab:
  m_ObjectHideFlags: 0
  serializedVersion: 2
  m_Modification:
    m_TransformParent: {fileID: 0}
    m_Modifications:
    - target: {fileID: 4345110513093396, guid: 9bbdfed03ced30f4b8b78b11b706c313, type: 2}
      propertyPath: m_LocalPosition.x
      value: 4.7499924
      objectReference: {fileID: 0}
    - target: {fileID: 4345110513093396, guid: 9bbdfed03ced30f4b8b78b11b706c313, type: 2}
      propertyPath: m_LocalPosition.y
      value: -1.3363332
      objectReference: {fileID: 0}
    - target: {fileID: 4345110513093396, guid: 9bbdfed03ced30f4b8b78b11b706c313, type: 2}
      propertyPath: m_LocalPosition.z
      value: 0
      objectReference: {fileID: 0}
    - target: {fileID: 4345110513093396, guid: 9bbdfed03ced30f4b8b78b11b706c313, type: 2}
      propertyPath: m_LocalRotation.x
      value: 0
      objectReference: {fileID: 0}
    - target: {fileID: 4345110513093396, guid: 9bbdfed03ced30f4b8b78b11b706c313, type: 2}
      propertyPath: m_LocalRotation.y
      value: 0
      objectReference: {fileID: 0}
    - target: {fileID: 4345110513093396, guid: 9bbdfed03ced30f4b8b78b11b706c313, type: 2}
      propertyPath: m_LocalRotation.z
      value: 0
      objectReference: {fileID: 0}
    - target: {fileID: 4345110513093396, guid: 9bbdfed03ced30f4b8b78b11b706c313, type: 2}
      propertyPath: m_LocalRotation.w
      value: 1
      objectReference: {fileID: 0}
    - target: {fileID: 4345110513093396, guid: 9bbdfed03ced30f4b8b78b11b706c313, type: 2}
      propertyPath: m_RootOrder
      value: 1
      objectReference: {fileID: 0}
    m_RemovedComponents: []
  m_ParentPrefab: {fileID: 100100000, guid: 9bbdfed03ced30f4b8b78b11b706c313, type: 2}
  m_IsPrefabParent: 0
--- !u!114 &1853594032 stripped
MonoBehaviour:
  m_PrefabParentObject: {fileID: 114786293838133718, guid: 3e16d5d45fc0e254a90ae2f97a979c0c,
    type: 2}
  m_PrefabInternal: {fileID: 1387826739}
  m_Script: {fileID: 11500000, guid: 4b29f433fe2d35a4eb487c2ba03f3189, type: 3}
--- !u!114 &1897964324 stripped
MonoBehaviour:
  m_PrefabParentObject: {fileID: 114585000607582200, guid: 3e16d5d45fc0e254a90ae2f97a979c0c,
    type: 2}
  m_PrefabInternal: {fileID: 1387826739}
  m_Script: {fileID: 11500000, guid: 4b29f433fe2d35a4eb487c2ba03f3189, type: 3}
--- !u!114 &1931646087 stripped
MonoBehaviour:
  m_PrefabParentObject: {fileID: 114355435272475582, guid: 3e16d5d45fc0e254a90ae2f97a979c0c,
    type: 2}
  m_PrefabInternal: {fileID: 1387826739}
  m_Script: {fileID: -765806418, guid: f70555f144d8491a825f0804e09c671c, type: 3}
